
@online{topdlapp,
author = {Vartul Mittal},
title = {Top 15 Deep Learning applications that will rule the world in 2018 and beyond},
year = {2017},
url = {https://medium.com/@vratulmittal/top-15-deep-learning-applications-that-will-rule-the-world in-2018-and-beyond-7c6130c43b01},
}

@online{dlrwiki,
author = {Wikipedia},
title = {Deep Learning},
year = {2019},
url = {https://en.wikipedia.org/wiki/Deep_learning#Deep_learning_revolution},
}
@book{pinkbook,
author = {Tariq Rashid},
title = {Neuronale Netze selbst programmieren},
year = {2017},
}

@online{perceptron,
title = {Perceptron},
author = {Wikipedia},
year = {2019},
url={https://en.wikipedia.org/wiki/Perceptron#History}
}
@online{figuremlp,
author = {Mohamed Zahran},
title = {A hypothetical example of Multilayer Perceptron Network.  },
year = {2015},
url = {https://www.researchgate.net/figure/A-hypothetical-example-of-Multilayer-Perceptron-Network_fig4_303875065},
}
@online{figurepercept,
author = {Philippe Lucidarme},
title = {Simplest perceptron update rules demonstration},
year = {2017},
url = {https://www.lucidarme.me/simplest-perceptron-update-rules-demonstration/},
}
@online{drawio,
author = { },
title = {Mithilfe von Draw.io selbstgezeichnete Diagramme},
url = {draw.io}
}
@online{figuremdp,
author = {billy-inn},
title = {Notes on Reinforcement Learning (1): Finite Markov Decision Processes},
year = {2016},
url = {http://billy-inn.github.io/blog/2016/10/05/notes-on-reinforcement-learning-1-finite-markov-decision-processes/},
}
@online{lilblog,
author = {Lilian Weng},
title = {A (Long) Peek into Reinforcement Learning},
year = {2018},
url = {[https://lilianweng.github.io/lil-log/2018/02/19/a-long-peek-into-reinforcement-learning.html]},
urldate = {2019-01-29}
}
@online{onehot,
author = {Jason Brownlee},
title = {Why One-Hot Encode Data in Machine Learning?},
year = {2017},
url = {https://machinelearningmastery.com/why-one-hot-encode-data-in-machine-learning},
urldate = {2019-01-30}
}
@online{backprop,
author = {John McGonagle, George Shaikouski, Christopher Williams et al.},
title = {Backpropagation},
url = {https://brilliant.org/wiki/backpropagation/},
urldate = {2019-01-30}
}
@online{video6,
author = {Stanford University School of Engineering},
title = {Lecture 6 | Training Neural Networks I},
year = {2017},
url = {https://youtu.be/wEoyxE0GP2M?t=1596},
urldate = {2019-01-30},
}
@online{video2,
author = {Stanford University School of Engineering},
title = {Lecture 2 | Image Classification},
year = {2017},
url = {https://youtu.be/OoUX-nOEjG0?t=1499},
urldate = {2019-01-30},
}

@online{video5,
author = {Stanford University School of Engineering},
title = {Lecture 5 | Convolutional Neural Networks},
year = {2017},
url = {https://youtu.be/bNb2fEVKeEo},
urldate = {2019-01-31},
}

@online{video9,
author = {Stanford University School of Engineering},
title = {Lecture 9 | CNN Architectures},
year = {2017},
url = {https://youtu.be/DAOcjicFr1Y},
urldate = {2019-01-31},
}
@online{video10,
author = {Stanford University School of Engineering},
title = {Lecture 10 | Recurrent Neural Networks},
year = {2017},
url = {https://youtu.be/6niqTuYFZLQ},
urldate = {2019-01-31},
}



@online{reluexpl,
author = {Tinymind.com},
title = {ReLU},
url = {https://www.tinymind.com/learn/terms/relu},
urldate = {2019-01-30},
}
@online{universalproof,
author = {Daniel McNeela},
title = {The Universal Approximation Theorem for Neural Networks},
url = {http://mcneela.github.io/machine_learning/2017/03/21/Universal-Approximation-Theorem.html},
year = {2017},
urldate = {2019-01-30}
}

@online{imgnet,
title = {IMAGENET},
url = {http://www.image-net.org/},
urldate = {2019-01-30}
}

@online{cover1,
title = {NN-SVG},
author = {Alexander Lenail},
url = {http://alexlenail.me/NN-SVG/index.html},
urldate = {2019-01-30}
}
@online{cover3,
author  = {pixabay.com},
url = {https://pixabay.com/de/tic-tac-toe-spiel-quadrats-spielen-150614/},
urldate = {2019-01-30}
}
@online{numttt,
author  = {Wikipedia},
title = {Tic-Tac-Toe},
url = {https://de.wikipedia.org/wiki/Tic-Tac-Toe#Strategie_und_Taktik},
urldate = {2019-01-31}
}

@online{alphazero,
author  = {pete},
title = {AlphaZero gewinnt erneut ein 1000-Partien-Duell gegen Stockfish},
year = {2018},
url = {https://www.chess.com/de/news/view/alphazero-gewinnt-erneut-ein-1000-partien-duell-gegen-stockfish},
urldate = {2019-01-31} 
}

@online{mdpwiki,
author  = {Wikipedia},
title = {Markov Decision Process},
url = {https://en.wikipedia.org/wiki/Markov_decision_process},
urldate = {2018-09-08},
}
@online{alphapaper,
author = {David Silver et al.},
title = {Mastering Chess and Shogi by Self-Play with a General Reinforcement Learning Algorithm},
year = {2017},
url = {https://arxiv.org/abs/1712.01815}
}